@inproceedings{sims1994evolving,
	title={Evolving virtual creatures},
	author={Sims, Karl},
	booktitle={Proceedings of the 21st annual conference on Computer graphics and interactive techniques},
	pages={15--22},
	year={1994},
	organization={ACM}
}

@inproceedings{lessin2013open,
	title={Open-ended behavioral complexity for evolved virtual creatures},
	author={Lessin, Dan and Fussell, Don and Miikkulainen, Risto},
	booktitle={Proceedings of the 15th annual conference on Genetic and evolutionary computation},
	pages={335--342},
	year={2013},
	organization={ACM}
}

@Unpublished{goopies,
	author={Paul T Oliver}.,
	title={Goopies},
	booktitle={\href{http://forum.codecall.net/topic/72637-goopies-evolving-neural-networks-wip/?p=643047}{http://forum.codecall.net/topic/72637-goopies-evolving-neural-networks-wip/?p=643047}},
	month={},
	year={},
	key={}
}